@misc{tor-dev-udh,
  title        = {[tor-dev] RFC on obfs3 pluggable transport},
  author       = {Ian Goldberg},
  howpublished = {\url{https://lists.torproject.org/pipermail/tor-dev/2012-December/004245.html}},
  year         = {2012}
}

@article{DBLP:journals/corr/SalmondGGC14,
  author       = {Daniel Salmond and
                  Alex J. Grant and
                  Ian Grivell and
                  Terence Chan},
  title        = {On the rank of random matrices over finite fields},
  journal      = {CoRR},
  volume       = {abs/1404.3250},
  year         = {2014},
  url          = {http://arxiv.org/abs/1404.3250},
  eprinttype    = {arXiv},
  eprint       = {1404.3250},
  timestamp    = {Mon, 13 Aug 2018 16:48:03 +0200},
  biburl       = {https://dblp.org/rec/journals/corr/SalmondGGC14.bib},
  bibsource    = {dblp computer science bibliography, https://dblp.org}
}

@misc{EPRINT:GRSV25,
      author = {Felix GÃ¼nther and Michael Rosenberg and Douglas Stebila and Shannon Veitch},
      title = {Hybrid Obfuscated Key Exchange and {KEMs}},
      howpublished = {Cryptology {ePrint} Archive, Paper 2025/408},
      year = {2025},
      url = {https://eprint.iacr.org/2025/408}
}

@misc{nist-standardization,
	author = {National Institute of Standards and Technology},
	title = {{P}ost-{Q}uantum {C}ryptography},
	howpublished = {\url{https://csrc.nist.gov/projects/post-quantum-cryptography}},
	year = {2024},
	note = {[Accessed 14-12-2024]},
}

@misc{obfs4,
  author       = {{The Tor Project}},
  title        = {obfs4 (The obfourscator), Protocol specification, version c0898c2d},
  howpublished = {\url{https://gitlab.torproject.org/tpo/anti-censorship/pluggable-transports/lyrebird/-/blob/main/doc/obfs4-spec.txt}},
  year         = {2019},
}

@misc{rfc5869,
    series =    {Request for Comments},
    number =    5869,
    howpublished =  {RFC 5869},
    publisher = {RFC Editor},
    doi =       {10.17487/RFC5869},
    url =       {https://www.rfc-editor.org/info/rfc5869},
    author =    {Hugo Krawczyk and Pasi Eronen},
    title =     {{HMAC-based Extract-and-Expand Key Derivation Function (HKDF)}},
    pagetotal = 14,
    year =      2010,
    month =     may,
    abstract =  {This document specifies a simple Hashed Message Authentication Code (HMAC)-based key derivation function (HKDF), which can be used as a building block in various protocols and applications. The key derivation function (KDF) is intended to support a wide range of applications and requirements, and is conservative in its use of cryptographic hash functions. This document is not an Internet Standards Track specification; it is published for informational purposes.},
}

@misc{nist-ir-8545,
	author =   {Gorjan Alagic and
                    Maxime Bros and
                    Pierre Ciadoux and
                    David Cooper and
                    Quynh Dang and
                    Thinh Dang and
                    John Kelsey and
                    Jacob Lichtinger and
                    Yi-Kai Liu and
                    Carl Miller and
                    Dustin Moody and
                    Rene Peralta and
                    Ray Perlner and
                    Angela Robinson and
                    Hamilton Silberg and
                    Daniel Smith-Tone and
                    Noah Waller},
	title = {{N}{I}{S}{T} {I}nternal or {I}nteragency {R}eport ({N}{I}{S}{T}{I}{R}) 8545, {S}tatus {R}eport on the {F}ourth {R}ound of the {NIST} {P}ost-{Q}uantum {C}ryptography {S}tandardization {P}rocess},
	howpublished = {\url{https://csrc.nist.gov/pubs/ir/8545/final}},
	year = {2025},
	note = {[Accessed 14-03-2025]},
}